
@inproceedings{legion,
  title={Legion: Expressing locality and independence with logical regions},
  author={Bauer, Michael and Treichler, Sean and Slaughter, Elliott and
    Aiken, Alex},
  booktitle={High Performance Computing, Networking, Storage and Analysis
    (SC), 2012 International Conference for},
  pages={1--11},
  year={2012},
  organization={IEEE}
}


@inproceedings{nothing,
}

